<record><leader>00000cas a22000007a 4500</leader><controlfield tag="001">21046760</controlfield><controlfield tag="008">900210d18931902mdumr ne      0    0eng d</controlfield><datafield ind1=" " ind2=" " tag="010"><subfield code="a">sn 90057036 </subfield></datafield><datafield ind1=" " ind2=" " tag="040"><subfield code="a">MFN</subfield><subfield code="b">eng</subfield><subfield code="c">MFN</subfield><subfield code="d">OCLCQ</subfield><subfield code="d">B@L</subfield><subfield code="d">OCLCF</subfield><subfield code="d">OCLCO</subfield></datafield><datafield ind1=" " ind2=" " tag="042"><subfield code="a">msc</subfield></datafield><datafield ind1="0" ind2="0" tag="245"><subfield code="a">Mt. Washington advocate.</subfield></datafield><datafield ind1="3" ind2="0" tag="246"><subfield code="a">Mount Washington advocate</subfield></datafield><datafield ind1=" " ind2=" " tag="260"><subfield code="a">Mt. Washington [i.e. Baltimore], Md. :</subfield><subfield code="b">Edward L. Gernand</subfield></datafield><datafield ind1=" " ind2=" " tag="300"><subfield code="a">v.</subfield></datafield><datafield ind1=" " ind2=" " tag="310"><subfield code="a">Monthly</subfield></datafield><datafield ind1="1" ind2=" " tag="362"><subfield code="a">Began in 1893? Ceased in 1902.</subfield></datafield><datafield ind1=" " ind2=" " tag="500"><subfield code="a">Published as: Mount Washington advocate, &lt;May-Nov. 1894&gt;.</subfield></datafield><datafield ind1=" " ind2=" " tag="588"><subfield code="a">Description based on: New ser., v. 1, no. 2 (Dec. 1893).</subfield></datafield><datafield ind1=" " ind2="0" tag="651"><subfield code="a">Maryland.</subfield></datafield><datafield ind1=" " ind2="7" tag="651"><subfield code="a">Maryland.</subfield><subfield code="2">fast</subfield><subfield code="0">(OCoLC)fst01204739</subfield></datafield><datafield ind1=" " ind2=" " tag="752"><subfield code="a">United States</subfield><subfield code="b">Maryland</subfield><subfield code="d">Baltimore.</subfield></datafield><datafield ind1="0" ind2="0" tag="780"><subfield code="t">Advocate (Baltimore, Md.)</subfield><subfield code="w">(DLC)sn 90057037</subfield></datafield><datafield ind1="0" ind2="0" tag="785"><subfield code="t">Mt. Washington item</subfield><subfield code="w">(DLC)sn 90057035</subfield></datafield></record>